<?xml version="1.0" encoding="UTF-8"?><collection xmlns="http://www.loc.gov/MARC21/slim"><record><leader>00405nam--2200133-i-4500</leader><controlfield tag="001">000035922</controlfield><controlfield tag="002">20161230</controlfield><controlfield tag="005">20161230201040</controlfield><controlfield tag="008">060222s1000------------r-----000-0-eng-d</controlfield><datafield ind1=" " ind2=" " tag="080"><subfield code="a">621.039(659.2)(520)</subfield></datafield><datafield ind1=" " ind2=" " tag="100"><subfield code="a">Onishi, Takeshi /S.A.</subfield></datafield><datafield ind1=" " ind2=" " tag="245"><subfield code="a">Nuclear accidents in nuclear installations. (survey report)</subfield></datafield><datafield ind1=" " ind2=" " tag="260"><subfield code="a">Tokyo, Japan Atomic Energy Research Institute, 1970, 203p.(Cu Fig.)</subfield></datafield><datafield ind1=" " ind2=" " tag="852"><subfield code="a">23010</subfield></datafield></record></collection>